/////////////////////////////////////////////////////////////////////////////////////////
//ABBREVIATIONS//////////////////////////////////////////////////////////////////////////
/////////////////////////////////////////////////////////////////////////////////////////

@string{A       = {Atmosf.}}
@string{AA      = {A\&A}}
@string{AASS    = {Astronomy \& Astrophysics Suppl. S.}}
@string{ACP     = {Atmos. Chem. Phys.}}
@string{ACPD    = {Atmos. Chem. Phys. Discuss.}}
@string{ADGEO   = {Adv. Geosci.}}
@string{AE      = {Atmos. Environ.}}
@string{AG      = {Ann. Geophys.}}
@string{AJ      = {Astrophys. J.}}
@string{AJL     = {Astrophys. J. Lett.}}
@string{AJSS    = {Astrophys. J. Suppl. S.}}
@string{AL      = {Astrophys. J.}}
@string{AJP     = {Am. J. Phys.}}
@string{AM      = {Ann. Met.}}
@string{AMM     = {Aus. Met. Mag.}}
@string{AMT     = {Atmos. Meas. Tech.}}
@string{AMTD    = {Atmos. Meas. Tech. Discuss.}}
@string{AO      = {Appl. Opt.}}
@string{AOP     = {Atmos. Oce. Phy.(engl. transl.)}}
@string{APL     = {Appl. Phys. Lett.}}
@string{AR      = {Atmos. Res.}}
@string{AREE    = {Annu. Rev. Energy Environ.}}
@string{ARPC    = {Annu. Rev. Phys. Chem.}}
@string{AS      = {Am. Sci.}}
@string{ASL     = {Atm. Sci. Lett.}}
@string{ASP     = {Appl. Sign. Proc.}}
@string{ASR     = {Adv. Space. Res.}}
@string{AST     = {Aerosol Sci. Technol.}}
@string{ATOC    = {Atmos. -- Oce.}}

@string{BAMS    = {Bull. Amer. Met. Soc.}} @string{BLM     = {Boun.-Lay. Met.}} @string{BPA     = {Beitr. Phys. Atm.}}

@string{CC      = {Climate Change}}
@string{CD      = {Climate Dynamics}}
@string{CG      = {Comput. Geosci.}}
@string{CJP     = {Can. J. Phys.}}
@string{CP      = {Contemp. Phys.}}
@string{CPH     = {Chem. Phys.}}
@string{CPL     = {Chem. Phys. Lett.}}     
@string{CRP     = {Comptes Rendus Phys.}}     
@string{CSE     = {Comput. Sce. Eng.}}

@string{EL      = {Elec. Lett.}}
@string{EM      = {Experiment. Math.}}
@string{EMP     = {Earth, Moon and Planets}}
@string{EOS     = {Eos}}
@string{ENN     = {Env. News Net.}}
@string{EPJC    = {Eur. Phys. J. Conferences}}
@string{ESSD    = {Earth Syst. Sci. Data}}
@string{ESS     = {Earth Space. Sci.}}
@string{EST     = {Environ. Sci. Technol.}}
@string{ETA     = {Eos Trans. AGU}}

@string{GI      = {Geosci. Instrum. Method. Data Syst.}}
@string{GMD     = {Geosci. Model Dev.}}
@string{GMDD    = {Geosci. Model Dev. Discuss.}}
@string{GRL     = {Geophys. Res. Lett.}}

@string{HESSD   = {Hydrol. Earth Syst. Sci. Discuss.}} 
@string{HESS    = {Hydrol. Earth Syst. Sci.}} 
@string{IAOP    = {Izv. Atmos. Oce. Phys.}}
@string{ICARUS  = {Icarus}}
@string{IJC     = {Int. J. Climatol.}}
@string{IJES    = {Int. J. of Earth Sci.}}
@string{IJRS    = {Int. J. Remote Sensing}}
@string{IJRSP   = {Indian J. of Radio \& Space Physics}}
@string{IJIMW   = {Int. J. Inf. Millim. Waves}}
@string{IJSC    = {Int. J. Sat. Comm.}}
@string{IP      = {Infrared Phys.}}
@string{IPT     = {Infrared Phys. \& Tech.}}
@string{I3EA    = {IEEE Access}}
@string{I3EGRS  = {IEEE Geosci. Remote Sens.}}
@string{I3EGRSL = {IEEE Geosci. Remote Sens. Let.}}
@string{I3EJOE  = {IEEE J. Oce. Eng.}}
@string{I3EJSTARS = {IEEE J. Sel. Top. Appl. Rem. Sens.}}
@string{I3ETAP  = {IEEE Trans. Antennas Propag.}}
@string{I3ETC   = {IEEE T. Comm.}}
@string{I3ETGE  = {IEEE T. Geosci. Ele.}}
@string{I3ETGRS = {IEEE T. Geosci. Remote}}
@string{I3ETMTT = {IEEE T. Microw. Theory}}
@string{I3ETNN  = {IEEE T. Ne. Netw.}}
@string{I3ETIP  = {IEEE T. Image Proc.}}

@string{JAC     = {J. Atmos. Chem.}}
@string{JAES    = {J. Aerosol Sci.}}
@string{JAM     = {J. Appl. Meteorol.}}
@string{JAMC    = {J. Appl. Meteorol. Clim.}}
@string{JAO     = {J. Appl. Opt.}}
@string{JAS     = {J. Am. Stat. Assoc.}}
@string{AOT    = {J. Atmos. Oceanic Technol.}}
@string{JAP     = {J. Appl. Phys.}}
@string{JAS     = {J. Atmos. Sci.}}
@string{JASTP   = {J. Atm. Sol.-Terr. Phys.}}
@string{JATP    = {J. Atm. Terr. Phys.}}
@string{JAWMA   = {J. Air \& Waste Manage. Assoc.}}
@string{JC      = {J. Climate}}
@string{JH      = {J. Hydrology}}
@string{JCAM    = {J. Clim. Appl. Mete.}}
@string{JCG     = {J. Cryst. Growth}}
@string{JCP     = {J. Chem. Phys.}}
@string{JCSFT   = {J. Chem. Soc. Far. Trans.}} 
@string{JG      = {J. Geodesy}}
@string{JGR     = {J. Geophys. Res.}}
@string{JGRA    = {J. Geophys. Res.-Atmos.}}
@string{JIMTW   = {J. Infrared Milli. Terahz Waves}}
@string{JM      = {J. Meteorol.}}
@string{JMS     = {J. Molec. Struct.}}
@string{JMSL    = {J. Molec. Liqu.}}
@string{JMSp    = {J. Molec. Spectro.}}
@string{JMSJ    = {J. Meteorol. Soc. Jpn.}}
@string{JO      = {J. Opt. Theory and Appl.}}
@string{JOH     = {J. Hydrometeorol.}}
@string{JOSA    = {J. Optical Soc. o. Am.}}
@string{JOSAA   = {J. Optical Soc. o. Am. A}}
@string{JOSAB   = {J. Optical Soc. o. Am. B}}
@string{JPC     = {J. Phys. Chem.}}
@string{JPCA    = {J. Phys. Chem. A}}
@string{JPCM    = {J. Phys.: Condens. Matter}}
@string{JPAGP   = {J. of Phys. A: Gen. Phys.}}
@string{JPAMG   = {J. of Phys. A: Math. Gen.}}
@string{JPESI   = {J. of Phys. E: Sci. Instrum.}}
@string{JCOP    = {J. of Comp. Phys.}}
@string{JCTE    = {J. of Comm. Tech. and Elec.}}
@string{JPIVF   = {J. Phys. IV France}}
@string{JPPA    = {J. Photochem. Photobiol. A: Chem}}
@string{JPO     = {J. Phys. Ocea.}}
@string{JQSRT   = {J. Quant. Spectrosc. Radiat. Transfer}}

@string{MA      = {Met. Appl.}}
@string{MAP     = {Met. Atm. Phys.}}
@string{MBT     = {Met. Bul., Tai.}}
@string{MNRAS   = {Mon. Not. R. Astron. Soc.}}
@string{MP      = {Mol. Phys.}}
@string{MR      = {Met. Rund.}}
@string{MSSP    = {Mech. Sys. and Sig. Proc.}}
@string{MST     = {Meas. Sci. Technol.}}
@string{MWR     = {Mon. Weather Rev.}}
@string{MZ      = {Met. Zeit.}}

@string{N       = {Nature}}
@string{NG       = {Nat. Geosci.}}
@string{NHESS   = {Nat. Hazards and Earth Syst. Sci}}
@string{NW      = {Naturwissenschaften}}
@string{NWD     = {Nat. Weat. Dig.}} 
@string{NPG     = {Nonlin. Processes. Geophys.}} 

@string{OE      = {Opt. Express}}
@string{OLE     = {Opt. Las. Eng.g}}
@string{OS      = {Opt. Spectro.}}

@string{PD      = {Physica D}}
@string{PCE     = {Phys. Chem. Earth}}
@string{PERS    = {Photogr. Eng. and Rem. Sens.}}
@string{PLA     = {Phys. Let. A}}
@string{PMG     = {Papers in Meteorol. and Geophys.}}
@string{PNAS    = {Proc. Nat. Aca. Sci.}}
@string{PPG     = {Prog. Phys. Geog.}}
@string{PPSB    = {Proc. Phys. Soc. B}}
@string{PR      = {Phys. Rev.}}
@string{PRA     = {Phys. Rev. A}}
@string{PRD     = {Phys. Rev. D}}
@string{PRE     = {Phys. Rev. E}}
@string{PRL     = {Phys. Rev. L}}
@string{PRSA    = {Proc. R. Soc. A}}
@string{PRSLA   = {Proc. R. Soc. Lond. A}}
@string{PSPIE   = {Proc. of SPIE}}
@string{PSS     = {Planet. Space Sci.}}
@string{PT      = {Phys. Today}}
@string{PTRSLA  = {Phil. Trans. R. Soc. Lond. A}}
@string{PTRSA   = {Phil. Trans. R. Soc. A}}
@string{PW      = {Phys. World}}


@string{QJRMS   = {Q. J. R. Meteorol. Soc.}}

@string{RG      = {Rev. Geophys.}}
@string{RMP     = {Rev. Mod. Phys.}}
@string{RPP     = {Rep. Prog. Phys.}}
@string{RQE     = {Radiophys. Quant. Elec.}}
@string{RS      = {Radio Sci.}}
@string{RSE     = {Rem. Sen. Env.}}
@string{RSI     = {Rev. Sci. Inst.}}
@string{RSR     = {Rem. Sen. Rev.}}
@string{RSPR    = {Rem. Sen. Po. Reg.}}

@string{S       = {Science}}
@string{SA      = {Scient. Amer.}}
@string{SG      = {Sur. Geophy.}}
@string{SOLA    = {Sci. Onl. Let. Atm.}}
@string{SP      = {Sov. Phys. Uspekhi}}
@string{SOP     = {Sol. Phys.}}
@string{SW      = {Spek. Wissen.}}
@string{SAPAMBS = {Spectro. Acta Part A: Molec. and Biomolec. Spectro.}}

@string{T       = {Tellus}}
@string{TA      = {Tellus A}}
@string{TAC     = {Theor. Appl. Climatol.}}
@string{TOMS    = {ACM Trans. on Math. Softw.}}

@string{WF      = {Weat. Fore.}}
@string{WIRCC   = {Wiley Interd. Rev.: Climate Change}}
@string{WRR     = {Wat. Res. Res.}}
@string{WRM     = {Waves Rand. Med.}}

/////////////////////////////////////////////////////////////////////////////////////////
//ABBREVIATIONS//////////////////////////////////////////////////////////////////////////
/////////////////////////////////////////////////////////////////////////////////////////

@article{geer17,
author = {Geer, A. J. and Baordo, F. and Bormann, N. and Chambon, P. and English, S. J. and Kazumori, M. and Lawrence, H. and Lean, P. and Lonitz, K. and Lupu, C.},
title = {The growing impact of satellite observations sensitive to humidity, cloud and precipitation},
journal = QJRMS,
volume = {143},
number = {709},
pages = {3189-3206},
keywords = {satellite, microwave, cloud and precipitation, NWP, all-sky},
doi = {10.1002/qj.3172},
url = {https://rmets.onlinelibrary.wiley.com/doi/abs/10.1002/qj.3172},
eprint = {https://rmets.onlinelibrary.wiley.com/doi/pdf/10.1002/qj.3172},
year = {2017}}

@article{geer18,
author = {Geer, A. J. and Lonitz, K. and Weston, P. and Kazumori, M. and Okamoto, K. and Zhu, Y. and Liu, E. H. and Collard, A. and Bell, W. and Migliorini, S. and Chambon, P. and Fourrié, N and Kim, M.-J. and Köpken-Watts, C. and Schraff, C.},
title = {All-sky satellite data assimilation at operational weather forecasting centres},
journal = QJRMS,
volume = {144},
number = {713},
pages = {1191-1217},
keywords = {all-sky, cloud and precipitation, data assimilation, infrared, microwave, NWP, satellite},
doi = {10.1002/qj.3202},
url = {https://rmets.onlinelibrary.wiley.com/doi/abs/10.1002/qj.3202},
eprint = {https://rmets.onlinelibrary.wiley.com/doi/pdf/10.1002/qj.3202},
year = {2018}
}

@article{duncan18a,
author={Duncan,David I. and Eriksson,Patrick},
year={2018},
title={An update on global atmospheric ice estimates from satellite observations and reanalyses},
journal=ACP,
volume={18},
number={15},
pages={11205},
keywords={Meteorology; Weather forecasting; Satellite data; Analysis; Datasets; General circulation; Atmospheric circulation; Work platforms; Satellites; Distribution; Spatial discrimination; Seasonal variations; Variability; Principal components analysis; Seasonal variability; Annual variations; Satellite observation; Ice; Earth; Atmospheric models; Active satellites; Estimates; Data; Data sets},
isbn={16807316},
language={English},
url={https://search.proquest.com/docview/2087361828?accountid=11162}}

@Article{eliasson11,
AUTHOR = {Eliasson, S. and Buehler, S. A. and Milz, M. and Eriksson, P. and John, V. O.},
TITLE = {Assessing observed and modelled spatial distributions of ice water path  using satellite data},
JOURNAL = ACP,
VOLUME = {11},
YEAR = {2011},
NUMBER = {1},
PAGES = {375--391},
URL = {https://www.atmos-chem-phys.net/11/375/2011/},
DOI = {10.5194/acp-11-375-2011}
}

@article{evans98,
author = {Evans, K. Franklin and Walter, Steven J. and Heymsfield, Andrew J. and Deeter, Merritt N.},
title = {Modeling of Submillimeter Passive Remote Sensing of Cirrus Clouds},
journal = JAM,
volume = {37},
number = {2},
pages = {184-205},
year = {1998},
doi = {10.1175/1520-0450(1998)037<0184:MOSPRS>2.0.CO;2},
URL = {https://doi.org/10.1175/1520-0450(1998)037<0184:MOSPRS>2.0.CO;2},
eprint = {https://doi.org/10.1175/1520-0450(1998)037<0184:MOSPRS>2.0.CO;2}
}


@article{evans02,
author = {Evans, K. Franklin and Walter, Steven J. and Heymsfield, Andrew J. and McFarquhar, Greg M.},
title = {Submillimeter-Wave Cloud Ice Radiometer: Simulations of retrieval algorithm performance},
journal = JGRA,
volume = {107},
number = {D3},
pages = {AAC 2-1-AAC 2-21},
keywords = {submillimeter, microwave, cirrus, remote sensing},
doi = {10.1029/2001JD000709},
url = {https://agupubs.onlinelibrary.wiley.com/doi/abs/10.1029/2001JD000709},
eprint = {https://agupubs.onlinelibrary.wiley.com/doi/pdf/10.1029/2001JD000709},
year = {2002}
}

@article{stephens02,
author = {Stephens, Graeme L. and Vane, Deborah G. and Boain, Ronald J. and Mace, Gerald G. and Sassen, Kenneth and Wang, Zhien and Illingworth, Anthony J. and O'connor, Ewan J. and Rossow, William B. and Durden, Stephen L. and Miller, Steven D. and Austin, Richard T. and Benedetti, Angela and Mitrescu, Cristian and },
title = {THE CLOUDSAT MISSION AND THE A-TRAIN},
journal = BAMS,
volume = {83},
number = {12},
pages = {1771-1790},
year = {2002},
doi = {10.1175/BAMS-83-12-1771},
URL = {https://doi.org/10.1175/BAMS-83-12-1771},
eprint = {https://doi.org/10.1175/BAMS-83-12-1771}}


@ARTICLE{tanelli08,
author={S. {Tanelli} and S. L. {Durden} and E. {Im} and K. S. {Pak} and D. G. {Reinke} and P. {Partain} and J. M. {Haynes} and R. T. {Marchand}},
journal=I3ETGRS,
title={CloudSat's Cloud Profiling Radar After Two Years in Orbit: Performance, Calibration, and Processing},
year={2008},
volume={46},
number={11},
pages={3560-3573},
keywords={atmospheric precipitation;backscatter;calibration;clouds;meteorological radar;radar clutter;remote sensing by radar;spaceborne radar;CloudSat Mission;Cloud Profiling Radar;backscatter measurement;hydrometeors;global time series;surface clutter rejection algorithm;CPR;frequency 94 GHz;Clouds;Calibration;Spaceborne radar;Radar measurements;Instruments;Propulsion;Laboratories;Atmosphere;Radar antennas;Power measurement;A-train;clouds;CloudSat;radar},
doi={10.1109/TGRS.2008.2002030},
ISSN={0196-2892},
month={Nov}}

@article{austin09,
author = {Austin, Richard T. and Heymsfield, Andrew J. and Stephens, Graeme L.},
title = {Retrieval of ice cloud microphysical parameters using the CloudSat millimeter-wave radar and temperature},
journal = JGRA,
volume = {114},
number = {D8},
pages = {},
keywords = {Remote sensing, ice, cloud},
doi = {10.1029/2008JD010049},
url = {https://agupubs.onlinelibrary.wiley.com/doi/abs/10.1029/2008JD010049},
eprint = {https://agupubs.onlinelibrary.wiley.com/doi/pdf/10.1029/2008JD010049},
year = {2009}
}

@article{deng15,
  title={CloudSat 2C-ICE product update with a new Ze parameterization in lidar-only region},
  author={Deng, M. and Mace, G. G. and Wang, Z. and Berry, E.},
  journal = JGRA,
  volume={120},
  number={23},
  pages={12--198},
  year={2015},
  publisher={Wiley Online Library}
}

@Article{cazenave18,
AUTHOR = {Cazenave, Q. and Ceccaldi, M. and Delano\"e, J. and Pelon, J. and Gro{\ss}, S. and Heymsfield, A.},
TITLE = {Evolution of DARDAR-CLOUD ice cloud cloud retrieval: new parameters and impacts on the retrieved microphysical properties},
JOURNAL = AMTD,
VOLUME = {2018},
YEAR = {2018},
PAGES = {1--24},
URL = {https://www.atmos-meas-tech-discuss.net/amt-2018-397/},
DOI = {10.5194/amt-2018-397}
}


@article{winker07,
author = {Winker, David M. and Hunt, William H. and McGill, Matthew J.},
title = {Initial performance assessment of CALIOP},
journal = GRL,
volume = {34},
number = {19},
pages = {},
keywords = {lidar, clouds, aerosols},
doi = {10.1029/2007GL030135},
url = {https://agupubs.onlinelibrary.wiley.com/doi/abs/10.1029/2007GL030135},
eprint = {https://agupubs.onlinelibrary.wiley.com/doi/pdf/10.1029/2007GL030135},
year = {2007}
}

@article{hou14,
author = {Hou, Arthur Y. and Kakar, Ramesh K. and Neeck, Steven and Azarbarzin, Ardeshir A. and Kummerow, Christian D. and Kojima, Masahiro and Oki, Riko and Nakamura, Kenji and Iguchi, Toshio},
title = {The Global Precipitation Measurement Mission},
journal = BAMS,
volume = {95},
number = {5},
pages = {701-722},
year = {2014},
doi = {10.1175/BAMS-D-13-00164.1},
URL = {https://doi.org/10.1175/BAMS-D-13-00164.1},
eprint = {https://doi.org/10.1175/BAMS-D-13-00164.1}
}

@article{grecu16,
author = {Grecu, Mircea and Olson, William S. and Munchak, Stephen Joseph and Ringerud, Sarah and Liao, Liang and Haddad, Ziad and Kelley, Bartie L. and McLaughlin, Steven F.},
title = {The GPM Combined Algorithm},
journal = AOT,
volume = {33},
number = {10},
pages = {2225-2245},
year = {2016},
doi = {10.1175/JTECH-D-16-0019.1},
URL = { https://doi.org/10.1175/JTECH-D-16-0019.1 },
eprint = { https://doi.org/10.1175/JTECH-D-16-0019.1 }
}

@article{kummerow15,
author = {Kummerow, Christian D. and Randel, David L. and Kulie, Mark and Wang, Nai-Yu and Ferraro, Ralph and Joseph Munchak, S. and Petkovic, Veljko},
title = {The Evolution of the Goddard Profiling Algorithm to a Fully Parametric Scheme},
journal = AOT,
volume = {32},
number = {12},
pages = {2265-2280},
year = {2015},
doi = {10.1175/JTECH-D-15-0039.1},
URL = {https://doi.org/10.1175/JTECH-D-15-0039.1},
eprint = {https://doi.org/10.1175/JTECH-D-15-0039.1}}

@article{milbrandtyau05,
  title={A multimoment bulk microphysics parameterization. Part II: A proposed three-moment closure and scheme description},
  author={Milbrandt, JA and Yau, MK},
  journal=JAS,
  volume={62},
  number={9},
  pages={3065--3081},
  year={2005}
}




@article{greenwald02,
author = {Greenwald, Thomas J. and Christopher, Sundar A.},
title = {Effect of cold clouds on satellite measurements near 183 GHz},
journal = JGRA,
volume = {107},
number = {D13},
pages = {AAC 3-1-AAC 3-8},
keywords = {microwave remote sensing, ice cloud scattering},
doi = {10.1029/2000JD000258},
url = {https://agupubs.onlinelibrary.wiley.com/doi/abs/10.1029/2000JD000258},
eprint = {https://agupubs.onlinelibrary.wiley.com/doi/pdf/10.1029/2000JD000258},
year = {2002}}

@Article{arts18,
AUTHOR = {Buehler, S. A. and Mendrok, J. and Eriksson, P. and Perrin, A. and Larsson, R. and Lemke, O.},
TITLE = {ARTS, the Atmospheric Radiative Transfer Simulator -- version
2.2, the planetary toolbox edition},
JOURNAL = GMD,
VOLUME = {11},
YEAR = {2018},
NUMBER = {4},
PAGES = {1537--1556},
URL = {https://www.geosci-model-dev.net/11/1537/2018/},
DOI = {10.5194/gmd-11-1537-2018}
}

@article{ssdb,
  title={A general database of hydrometeor single scattering properties at microwave and sub-millimetre wavelengths},
  author={Eriksson, Patrick and Ekelund, Robin and Mendrok, Jana and Brath, Manfred and Lemke, Oliver and Buehler, Stefan A},
  journal=ESSD,
  volume={10},
  number={3},
  pages={1301--1326},
  year={2018},
  publisher={Copernicus GmbH}
}


@article{cote98,
  title={The operational CMC--MRB global environmental multiscale (GEM) model. Part I: Design considerations and formulation},
  author={C{\^o}t{\'e}, Jean and Gravel, Sylvie and M{\'e}thot, Andr{\'e} and Patoine, Alain and Roch, Michel and Staniforth, Andrew},
  journal=MWR,
  volume={126},
  number={6},
  pages={1373--1395},
  year={1998}
}

@article{evans05,
author = {Evans, K. Franklin and Wang, James R. and Racette, Paul E. and Heymsfield, Gerald and Li, Lihua},
title = {Ice Cloud Retrievals and Analysis with the Compact Scanning Submillimeter Imaging Radiometer and the Cloud Radar System during CRYSTAL FACE},
journal = JAM,
volume = {44},
number = {6},
pages = {839-859},
year = {2005},
doi = {10.1175/JAM2250.1},
URL = {https://doi.org/10.1175/JAM2250.1},
eprint = {https://doi.org/10.1175/JAM2250.1}
}


@article{doi:10.1175/JAM2250.1,
author = {Evans, K. Franklin and Wang, James R. and Racette, Paul E. and Heymsfield, Gerald and Li, Lihua},
title = {Ice Cloud Retrievals and Analysis with the Compact Scanning Submillimeter Imaging Radiometer and the Cloud Radar System during CRYSTAL FACE},
journal = JAM,
volume = {44},
number = {6},
pages = {839-859},
year = {2005},
doi = {10.1175/JAM2250.1},
URL = {https://doi.org/10.1175/JAM2250.1},
eprint = {https://doi.org/10.1175/JAM2250.1}
}

@Article{grutzun18,
    AUTHOR = {Gr\"utzun, V. and Buehler, S. A. and Kluft, L. and Mendrok, J. and Brath, M. and Eriksson, P.},
    TITLE = {All-sky information content analysis for novel passive microwave instruments in the range from 23.8 to 874.4\,GHz},
    JOURNAL = AMT,
    VOLUME = {11},
    YEAR = {2018},
    NUMBER = {7},
    PAGES = {4217--4237},
    URL = {https://www.atmos-meas-tech.net/11/4217/2018/},
    DOI = {10.5194/amt-11-4217-2018}
}

@article{birman17,
author = {Camille Birman and Jean-François Mahfouf and Mathias Milz and Jana Mendrok and Stefan A. Buehler and Manfred Brath},
title = {Information content on hydrometeors from millimeter and sub-millimeter wavelengths},
journal = T,
volume = {69},
number = {1},
pages = {1271562},
year  = {2017},
publisher = {Taylor & Francis},
doi = {10.1080/16000870.2016.1271562},
URL = {https://doi.org/10.1080/16000870.2016.1271562},
eprint = {https://doi.org/10.1080/16000870.2016.1271562}
}

@Article{brath18a,
AUTHOR = {Brath, M. and Fox, S. and Eriksson, P. and Harlow, R. C. and Burgdorf, M. and Buehler, S. A.},
TITLE = {Retrieval of an ice water path over the ocean from ISMAR and MARSS millimeter and submillimeter brightness temperatures},
JOURNAL = AMT,
VOLUME = {11},
YEAR = {2018},
NUMBER = {1},
PAGES = {611--632},
URL = {https://www.atmos-meas-tech.net/11/611/2018/},
DOI = {10.5194/amt-11-611-2018}
}

@article{jimenez03,
  title={First inversions of observed submillimeter limb sounding radiances by neural networks},
  author={Jim{\'e}nez, Carlos and Eriksson, Patrick and Murtagh, Donal},
  journal=JGRA,
  volume={108},
  number={D24},
  year={2003},
  publisher={Wiley Online Library}
}

@article{buehler12,
  title={Observing ice clouds in the submillimeter spectral range: the CloudIce mission proposal for ESA's Earth Explorer 8},
  author={Buehler, SA and Defer, E and Evans, F and Eliasson, Salomon and Mendrok, Jana and Eriksson, Patrick and Lee, C and Jim{\'e}nez, C and Prigent, C and Crewell, S and others},
  journal=AMT,
  volume={5},
  number={7},
  pages={1529--1549},
  year={2012}
}
 

@book{rodgers00,
  title={Inverse methods for atmospheric sounding: theory and practice},
  author={Rodgers, Clive D},
  volume={2},
  year={2000},
  publisher={World scientific}
}

@article{delanoe05,
  title={Statistical properties of the normalized ice particle size distribution},
  author={Delano{\"e}, J. and Protat, A. and Testud, J. and Bouniol, D. and Heymsfield, A. J. and Bansemer, A. and Brown, P. and Forbes, R.},
  journal=JGRA,
  volume={110},
  number={D10},
  year={2005},
  publisher={Wiley Online Library}
}

@article{delanoe14,
  title={Normalized particle size distribution for remote sensing application},
  author={Delano{\"e}, J. and Heymsfield, A. Protat, A. and Bansemer, A. and Hogan, R.},
  journal=JGRA,
  volume={119},
  number={7},
  pages={4204--4227},
  year={2014},
  publisher={Wiley Online Library}
}

@article{waliser09,
author = {Waliser, Duane E. and Li, Jui-Lin F. and Woods, Christopher P. and Austin, Richard T. and Bacmeister, Julio and Chern, Jiundar and Del Genio, Anthony and Jiang, Jonathan H. and Kuang, Zhiming and Meng, Huan and Minnis, Patrick and Platnick, Steve and Rossow, William B. and Stephens, Graeme L. and Sun-Mack, Szedung and Tao, Wei-Kuo and Tompkins, Adrian M. and Vane, Deborah G. and Walker, Christopher and Wu, Dong},
title = {Cloud ice: A climate model challenge with signs and expectations of progress},
journal = JGRA,
volume = {114},
number = {D8},
pages = {},
keywords = {CloudSat},
doi = {10.1029/2008JD010015},
url = {https://agupubs.onlinelibrary.wiley.com/doi/abs/10.1029/2008JD010015},
eprint = {https://agupubs.onlinelibrary.wiley.com/doi/pdf/10.1029/2008JD010015},
year = {2009}
}

@article{radford,
  title={Unsupervised representation learning with deep convolutional generative adversarial networks},
  author={Radford, Alec and Metz, Luke and Chintala, Soumith},
  journal={arXiv preprint arXiv:1511.06434},
  year={2015}
}

@article{whitaker,
  title={Ensemble data assimilation without perturbed observations},
  author={Whitaker, Jeffrey S and Hamill, Thomas M},
  journal=MWR,
  volume={130},
  number={7},
  pages={1913--1924},
  year={2002}
}

@article{hunt,
  title={Efficient data assimilation for spatiotemporal chaos: A local ensemble transform Kalman filter},
  author={Hunt, Brian R and Kostelich, Eric J and Szunyogh, Istvan},
  journal=PD,
  volume={230},
  number={1-2},
  pages={112--126},
  year={2007},
  publisher={Elsevier}
}

@article{poterjoy,
author = {Poterjoy, J and Sobash, R A and Anderson, J L},
title = {Convective-Scale Data Assimilation for the Weather Research and Forecasting Model Using the Local Particle Filter},
journal = MWR,
volume = {145},
number = {5},
pages = {1897-1918},
year = {2017},
doi = {10.1175/MWR-D-16-0298.1}
}

@article{prigent16,
author = {Prigent, C. and Aires, F. and Wang, D. and Fox, S. and Harlow, C.},
title = {Sea-surface emissivity parametrization from microwaves to millimetre waves},
journal = QJRMS,
volume = {143},
number = {702},
pages = {596-605},
keywords = {satellite observations, sea-surface emissivity, microwave and millimetre waves},
doi = {10.1002/qj.2953},
url = {https://rmets.onlinelibrary.wiley.com/doi/abs/10.1002/qj.2953},
eprint = {https://rmets.onlinelibrary.wiley.com/doi/pdf/10.1002/qj.2953},
year = {2017}
}

@article{jimenez07,
  title={Performance simulations for a submillimetre-wave satellite instrument to measure cloud ice},
  author={Jim{\'e}nez, Carlos and Buehler, SA and Rydberg, Bengt and Eriksson, Patrick and Evans, KF},
  journal=QJRMS,
  volume={133},
  number={S2},
  pages={129--149},
  year={2007},
  publisher={Wiley Online Library}
}

@article{liebe92,
  title={Atmospheric 60-GHz oxygen spectrum: New laboratory measurements and line parameters},
  author={Liebe, HJ and Rosenkranz, PW and Hufford, GA},
  journal=JQSRT,
  volume={48},
  number={5-6},
  pages={629--643},
  year={1992},
  publisher={Elsevier}
}

@article{mahfouf15,
author = {Mahfouf, J.-F. and Birman, C. and Aires, F. and Prigent, C. and Orlandi, E. and Milz, M.},
title = {Information content on temperature and water vapour from a hyper-spectral microwave sensor},
journal = QJRMS,
volume = {141},
number = {693},
pages = {3268-3284},
keywords = {microwave radiometer, information content, hyperspectral sounders},
doi = {10.1002/qj.2608},
url = {https://rmets.onlinelibrary.wiley.com/doi/abs/10.1002/qj.2608},
eprint = {https://rmets.onlinelibrary.wiley.com/doi/pdf/10.1002/qj.2608},
year = {2015}
}

@ARTICLE{wang17,
author={D. {Wang} and C. {Prigent} and F. {Aires} and C. {Jimenez}},
journal=I3EA,
title={A Statistical Retrieval of Cloud Parameters for the Millimeter Wave Ice Cloud Imager on Board MetOp-SG},
year={2017},
volume={5},
number={},
pages={4057-4076},
keywords={atmospheric temperature;clouds;ice;meteorology;neural nets;radiative transfer;rain;snow;weather forecasting;statistical cloud parameter retrieval;millimeter wave ice cloud imager;Board MetOp-SG;meteorological observation;European organization;meteorological satellite polar system-second generation;ICI;radiative transfer calculation;weather research;weather forecasting model;mesoscale cloud model;hydrometeor profile;radiative transfer simulator;WRF+ARTS simulations;retrieval database;neural network classifier;hydrometeor quantities;ICI channels;cloud frozen phase;cloud liquid phase;integrated frozen water content;snow;rain;Clouds;Atmospheric modeling;Millimeter wave communication;Microwave imaging;Microwave FET integrated circuits;Microwave integrated circuits;Ice;Ice cloud imager;ice water path retrieval;radiative transfer simulation},
doi={10.1109/ACCESS.2016.2625742},
ISSN={2169-3536},
month={}}

@article{aires19,
author = {Aires, Filipe and Prigent, Catherine and Buehler, Stefan A. and Eriksson, Patrick and Milz, Mathias and Crewell, Susanne},
title = {Towards more realistic hypotheses for the information content analysis of cloudy/precipitating situations – Application to a hyperspectral instrument in the microwave},
journal = QJRMS,
volume = {145},
number = {718},
pages = {1-14},
keywords = {clouds and precipitation, hyperspectral, hydrometeors, microwave remote sensing},
doi = {10.1002/qj.3315},
url = {https://rmets.onlinelibrary.wiley.com/doi/abs/10.1002/qj.3315},
eprint = {https://rmets.onlinelibrary.wiley.com/doi/pdf/10.1002/qj.3315},
year = {2019}
}

@article{rosenkranz98,
  title={Water vapor microwave continuum absorption: A comparison of measurements and models},
  author={Rosenkranz, Philip W},
  journal=RS,
  volume={33},
  number={4},
  pages={919--928},
  year={1998},
  publisher={Wiley Online Library}
}

@article{bony15,
  title={Clouds, circulation and climate sensitivity},
  author={Bony, Sandrine and Stevens, Bjorn and Frierson, Dargan MW and Jakob, Christian and Kageyama, Masa and Pincus, Robert and Shepherd, Theodore G and Sherwood, Steven C and Siebesma, A Pier and Sobel, Adam H and others},
  journal=NG,
  volume={8},
  number={4},
  pages={261},
  year={2015},
  publisher={Nature Publishing Group}
}

@article{jiang19,
author = {Jiang, Jonathan H. and Yue, Qing and Su, Hui and Kangaslahti, Pekka and Lebsock, Matthew and Reising, Steven and Schoeberl, Mark and Wu, Longtao and Herman, Robert L.},
title = {Simulation of Remote Sensing of Clouds and Humidity From Space Using a Combined Platform of Radar and Multifrequency Microwave Radiometers},
journal = ESS,
volume = {6},
number = {7},
pages = {1234-1243},
keywords = {ice cloud particle size, ice water content, remote sensing},
doi = {10.1029/2019EA000580},
url = {https://agupubs.onlinelibrary.wiley.com/doi/abs/10.1029/2019EA000580},
eprint = {https://agupubs.onlinelibrary.wiley.com/doi/pdf/10.1029/2019EA000580},
year = {2019}
}

@techreport{disort00,
  title={DISORT, a general-purpose Fortran program for discrete-ordinate-method radiative transfer in scattering and emitting layered media: documentation of methodology},
  author={Stamnes, Knut and Tsay, Si-Chee and Wiscombe, Warren and Laszlo, Istvan},
  year={2000},
  institution={Tech. rep., Dept. of Physics and Engineering Physics, Stevens Institute of~…}
}

@Article{pfreundschuh18,
AUTHOR = {Pfreundschuh, S. and Eriksson, P. and Duncan, D. and Rydberg, B. and H{\aa}kansson, N. and Thoss, A.},
TITLE = {A neural network approach to estimating a posteriori distributions  of Bayesian retrieval problems},
JOURNAL = AMT,
VOLUME = {11},
YEAR = {2018},
NUMBER = {8},
PAGES = {4627--4643},
URL = {https://www.atmos-meas-tech.net/11/4627/2018/},
DOI = {10.5194/amt-11-4627-2018}
}

@Article{pfreundschuh19,
AUTHOR = {Pfreundschuh, S. and Eriksson, P. and Buehler, S. A. and Brath, M. and Duncan, D. and Larsson, R. and Ekelund, R.},
TITLE = {Synergistic radar and radiometer retrievals of ice hydrometeors},
JOURNAL = {Atmospheric Measurement Techniques Discussions},
VOLUME = {2019},
YEAR = {2019},
PAGES = {1--35},
URL = {https://www.atmos-meas-tech-discuss.net/amt-2019-369/},
DOI = {10.5194/amt-2019-369}
}

@article{schafler18,
author = {Schäfler, Andreas and Craig, George and Wernli, Heini and Arbogast, Philippe and Doyle, James D. and McTaggart-Cowan, Ron and Methven, John and Rivière, Gwendal and Ament, Felix and Boettcher, Maxi and Bramberger, Martina and Cazenave, Quitterie and Cotton, Richard and Crewell, Susanne and Delanoë, Julien and Dörnbrack, Andreas and Ehrlich, André and Ewald, Florian and Fix, Andreas and Grams, Christian M. and Gray, Suzanne L. and Grob, Hans and Groß, Silke and Hagen, Martin and Harvey, Ben and Hirsch, Lutz and Jacob, Marek and Kölling, Tobias and Konow, Heike and Lemmerz, Christian and Lux, Oliver and Magnusson, Linus and Mayer, Bernhard and Mech, Mario and Moore, Richard and Pelon, Jacques and Quinting, Julian and Rahm, Stephan and Rapp, Markus and Rautenhaus, Marc and Reitebuch, Oliver and Reynolds, Carolyn A. and Sodemann, Harald and Spengler, Thomas and Vaughan, Geraint and Wendisch, Manfred and Wirth, Martin and Witschas, Benjamin and Wolf, Kevin and Zinner, Tobias},
title = {The North Atlantic Waveguide and Downstream Impact Experiment},
journal = BAMS,
volume = {99},
number = {8},
pages = {1607-1637},
year = {2018},
doi = {10.1175/BAMS-D-17-0003.1},
URL = {https://doi.org/10.1175/BAMS-D-17-0003.1},
eprint = {https://doi.org/10.1175/BAMS-D-17-0003.1}
}

@Article{mech14,
AUTHOR = {Mech, M. and Orlandi, E. and Crewell, S. and Ament, F. and Hirsch, L. and Hagen, M. and Peters, G. and Stevens, B.},
TITLE = {HAMP – the microwave package on the High Altitude and LOng range research aircraft (HALO)},
JOURNAL = AMT,
VOLUME = {7},
YEAR = {2014},
NUMBER = {12},
PAGES = {4539--4553},
URL = {https://www.atmos-meas-tech.net/7/4539/2014/},
DOI = {10.5194/amt-7-4539-2014}
}

@Article{fox17,
AUTHOR = {Fox, S. and Lee, C. and Moyna, B. and Philipp, M. and Rule, I. and Rogers, S. and King, R. and Oldfield, M. and Rea, S. and Henry, M. and Wang, H. and Harlow, R. C.},
TITLE = {ISMAR: an airborne submillimetre radiometer},
JOURNAL = AMT,
VOLUME = {10},
YEAR = {2017},
NUMBER = {2},
PAGES = {477--490},
URL = {https://www.atmos-meas-tech.net/10/477/2017/},
DOI = {10.5194/amt-10-477-2017}
}

@article{fox19,
  title={Airborne validation of radiative transfer modelling of ice clouds at millimetre and sub-millimetre wavelengths},
  author={Fox, Stuart and Mendrok, Jana and Eriksson, Patrick and Ekelund, Robin and O'Shea, Sebastian J and Bower, Keith N and Baran, Anthony J and Harlow, R Chawn and Pickering, Juliet C},
  journal=AMT,
  volume={12},
  number={3},
  pages={1599--1617},
  year={2019},
  publisher={Copernicus GmbH}
}


@article{korolev13,
author = {Korolev, A. and Strapp, J. W. and Isaac, G. A. and Emery, E.},
title = {Improved Airborne Hot-Wire Measurements of Ice Water Content in Clouds},
journal = JAO,
volume = {30},
number = {9},
pages = {2121-2131},
year = {2013},
doi = {10.1175/JTECH-D-13-00007.1},
URL = {https://doi.org/10.1175/JTECH-D-13-00007.1 
},
eprint = {https://doi.org/10.1175/JTECH-D-13-00007.1}
}

@Article{abel14,
AUTHOR = {Abel, S. J. and Cotton, R. J. and Barrett, P. A. and Vance, A. K.},
TITLE = {A comparison of ice water content measurement techniques on the FAAM BAe-146 aircraft},
JOURNAL = AMT,
VOLUME = {7},
YEAR = {2014},
NUMBER = {9},
PAGES = {3007--3022},
URL = {https://www.atmos-meas-tech.net/7/3007/2014/},
DOI = {10.5194/amt-7-3007-2014}
}

@article{oshea16,
  author = {O'Shea, S. J. and Choularton, T. W. and Lloyd, G. and Crosier, J. and Bower, K. N. and Gallagher, M. and Abel, S. J. and Cotton, R. J. and Brown, P. R. A. and Fugal, J. P. and Schlenczek, O. and Borrmann, S. and Pickering, J. C.},
  year = {2016},
  title = {Airborne observations of the microphysical structure of two contrasting cirrus clouds},
  journal = {Journal of Geophysical Research: Atmospheres},
  publisher = {Wiley Online Library},
  issn = {2169-897X},
  doi = {10.1002/2016JD025278},
  volume = {121},
  month = {11},
  pages = {13,510--13,536},
  number = {22},
  url = {https://doi.org/10.1002/2016JD025278},
  abstract = {We present detailed airborne in situ measurements of cloud microphysics in two midlatitude cirrus clouds, collected as part of the Cirrus Coupled Cloud‐Radiation Experiment. A new habit recognition algorithm for sorting cloud particle images using a neural network is introduced. Both flights observed clouds that were related to frontal systems, but one was actively developing while the other dissipated as it was sampled. The two clouds showed distinct differences in particle number, habit, and size. However, a number of common features were observed in the 2‐D stereo data set, including a distinct bimodal size distribution within the higher‐temperature regions of the clouds. This may result from a combination of local heterogeneous nucleation and large particles sedimenting from aloft. Both clouds had small ice crystals (<100 µm) present at all levels However, this small ice mode is not present in observations from a holographic probe. This raises the possibility that the small ice observed by optical array probes may at least be in part an instrument artifact due to the counting of out‐of‐focus large particles as small ice. The concentrations of ice crystals were a factor ~10 higher in the actively growing cloud with the stronger updrafts, with a mean concentration of 261 L−1 compared to 29 L−1 in the decaying case. Particles larger than 700 µm were largely absent from the decaying cirrus case. A comparison with ice‐nucleating particle parameterizations suggests that for the developing case the ice concentrations at the lowest temperatures are best explained by homogenous nucleation. Distinct differences in ice crystal number, size, and habit observed in decaying and developing midlatitude cirrus clouds Bimodal size distributions are observed by optical array probes, but a holographic probe suggests that these may be instrument artifacts Evidence for both heterogeneous and homogeneous ice nucleation is observed in the clouds}
}


@article{salvatier16,
  doi = {10.7717/peerj-cs.55},
  url = {https://doi.org/10.7717/peerj-cs.55},
  year  = {2016},
  month = {apr},
  publisher = {{PeerJ}},
  volume = {2},
  pages = {e55},
  author = {John Salvatier and Thomas V. Wiecki and Christopher Fonnesbeck},
  title = {Probabilistic programming in Python using {PyMC}3},
  journal = {{PeerJ} Computer Science}
}

@book{thomas02,
  title={Radiative transfer in the atmosphere and ocean},
  author={Thomas, Gary E and Stamnes, Knut},
  year={2002},
  publisher={Cambridge University Press}
}

@book{mischenko02,
  title={Scattering, absorption, and emission of light by small particles},
  author={Mishchenko, Michael I and Travis, Larry D and Lacis, Andrew A},
  year={2002},
  publisher={Cambridge university press}
}

@book{wallace06,
  title={Atmospheric science: an introductory survey},
  author={Wallace, John M and Hobbs, Peter V},
  volume={92},
  year={2006},
  publisher={Elsevier}
}

@article{kohler36,
  title={The nucleus in and the growth of hygroscopic droplets},
  author={K{\"o}hler, Hilding},
  journal={Transactions of the Faraday Society},
  volume={32},
  pages={1152--1161},
  year={1936},
  publisher={Royal Society of Chemistry}
}

@article {grinsted19,
	author = {Grinsted, Aslak and Ditlevsen, Peter and Christensen, Jens Hesselbjerg},
	title = {Normalized US hurricane damage estimates using area of total destruction, 1900-2018},
	elocation-id = {201912277},
	year = {2019},
	doi = {10.1073/pnas.1912277116},
	publisher = {National Academy of Sciences},
	issn = {0027-8424},
	URL = {https://www.pnas.org/content/early/2019/11/05/1912277116},
	eprint = {https://www.pnas.org/content/early/2019/11/05/1912277116.full.pdf},
	journal = {Proceedings of the National Academy of Sciences}
}

@article {coronese19,
	author = {Coronese, Matteo and Lamperti, Francesco and Keller, Klaus and Chiaromonte, Francesca and Roventini, Andrea},
	title = {Evidence for sharp increase in the economic damages of extreme natural disasters},
	volume = {116},
	number = {43},
	pages = {21450--21455},
	year = {2019},
	doi = {10.1073/pnas.1907826116},
	publisher = {National Academy of Sciences},
	abstract = {Observations indicate that climate change has driven an increase in the intensity of natural disasters. This, in turn, may drive an increase in economic damages. Whether these trends are real is an open and highly policy-relevant question. Based on decades of data, we provide robust evidence of mounting economic impacts, mostly driven by changes in the right tail of the damage distribution{\textemdash}that is, by major disasters. This points to a growing need for climate risk management.Climate change has increased the frequency and intensity of natural disasters. Does this translate into increased economic damages? To date, empirical assessments of damage trends have been inconclusive. Our study demonstrates a temporal increase in extreme damages, after controlling for a number of factors. We analyze event-level data using quantile regressions to capture patterns in the damage distribution (not just its mean) and find strong evidence of progressive rightward skewing and tail-fattening over time. While the effect of time on averages is hard to detect, effects on extreme damages are large, statistically significant, and growing with increasing percentiles. Our results are consistent with an upwardly curved, convex damage function, which is commonly assumed in climate-economics models. They are also robust to different specifications of control variables and time range considered and indicate that the risk of extreme damages has increased more in temperate areas than in tropical ones. We use simulations to show that underreporting bias in the data does not weaken our inferences; in fact, it may make them overly conservative.},
	issn = {0027-8424},
	URL = {https://www.pnas.org/content/116/43/21450},
	eprint = {https://www.pnas.org/content/116/43/21450.full.pdf},
	journal = {Proceedings of the National Academy of Sciences}
}

@inbook{boucher13,
   author = {Boucher, O. and Randall, D. and Artaxo, P. and Bretherton, C. and Feingold, G. and Forster, P. and Kerminen, V.-M. and Kondo, Y. and Liao, H. and Lohmann, U. and Rasch, P. and Satheesh, S.K. and Sherwood, S. and Stevens, B. and Zhang, X.Y.},
   title = {Clouds and Aerosols},
   booktitle = {Climate Change 2013: The Physical Science Basis. Contribution of Working Group I to the Fifth Assessment Report of the Intergovernmental Panel on Climate Change},
   editor = {Stocker, T.F. and Qin, D. and Plattner, G.-K. and Tignor, M. and Allen, S.K. and Boschung, J. and Nauels, A. and Xia, Y. and Bex, V. and Midgley, P.M.},
   publisher = {Cambridge University Press},
   address = {Cambridge, United Kingdom and New York, NY, USA},
   chapter = {7},
   pages = {571–658},
   ISBN = {ISBN 978-1-107-66182-0},
   DOI = {10.1017/CBO9781107415324.016},
   url = {www.climatechange2013.org},
   year = {2013},
   type = {Book Section}
}

@inbook{delmotte13,
   author = {Masson-Delmotte, V. and Schulz, M. and Abe-Ouchi, A. and Beer, J. and Ganopolski, A. and González Rouco, J.F. and Jansen, E. and Lambeck, K. and Luterbacher, J. and Naish, T. and Osborn, T. and Otto-Bliesner, B. and Quinn, T. and Ramesh, R. and Rojas, M. and Shao, X. and Timmermann, A.},
   title = {Information from Paleoclimate Archives},
   booktitle = {Climate Change 2013: The Physical Science Basis. Contribution of Working Group I to the Fifth Assessment Report of the Intergovernmental Panel on Climate Change},
   editor = {Stocker, T.F. and Qin, D. and Plattner, G.-K. and Tignor, M. and Allen, S.K. and Boschung, J. and Nauels, A. and Xia, Y. and Bex, V. and Midgley, P.M.},
   publisher = {Cambridge University Press},
   address = {Cambridge, United Kingdom and New York, NY, USA},
   chapter = {5},
   pages = {383–464},
   ISBN = {ISBN 978-1-107-66182-0},
   DOI = {10.1017/CBO9781107415324.013},
   url = {www.climatechange2013.org},
   year = {2013},
   type = {Book Section}
}

@inbook{collins13,
   author = {Collins, M. and Knutti, R. and Arblaster, J. and Dufresne, J.-L. and Fichefet, T. and Friedlingstein, P. and Gao, X. and Gutowski, W.J. and Johns, T. and Krinner, G. and Shongwe, M. and Tebaldi, C. and Weaver, A.J. and Wehner, M.},
   title = {Long-term Climate Change: Projections, Commitments and Irreversibility},
   booktitle = {Climate Change 2013: The Physical Science Basis. Contribution of Working Group I to the Fifth Assessment Report of the Intergovernmental Panel on Climate Change},
   editor = {Stocker, T.F. and Qin, D. and Plattner, G.-K. and Tignor, M. and Allen, S.K. and Boschung, J. and Nauels, A. and Xia, Y. and Bex, V. and Midgley, P.M.},
   publisher = {Cambridge University Press},
   address = {Cambridge, United Kingdom and New York, NY, USA},
   chapter = {12},
   pages = {1029–1136},
   ISBN = {ISBN 978-1-107-66182-0},
   DOI = {10.1017/CBO9781107415324.024},
   url = {www.climatechange2013.org},
   year = {2013},
   type = {Book Section}
}

@inbook{hartmann13,
   author = {Hartmann, D.L. and Klein Tank, A.M.G. and Rusticucci, M. and Alexander, L.V. and Br\"onnimann, S. and Charabi, Y. and Dentener, F.J. and Dlugokencky, E.J. and Easterling, D.R. and Kaplan, A. and Soden, B.J. and Thorne, P.W. and Wild, M. and Zhai, P.M.},
   title = {Observations: Atmosphere and Surface},
   booktitle = {Climate Change 2013: The Physical Science Basis. Contribution of Working Group I to the Fifth Assessment Report of the Intergovernmental Panel on Climate Change},
   editor = {Stocker, T.F. and Qin, D. and Plattner, G.-K. and Tignor, M. and Allen, S.K. and Boschung, J. and Nauels, A. and Xia, Y. and Bex, V. and Midgley, P.M.},
   publisher = {Cambridge University Press},
   address = {Cambridge, United Kingdom and New York, NY, USA},
   chapter = {2},
   pages = {159–254},
   ISBN = {ISBN 978-1-107-66182-0},
   DOI = {10.1017/CBO9781107415324.008},
   url = {www.climatechange2013.org},
   year = {2013},
   type = {Book Section}
}
@book{boyd04,
  title={Convex optimization},
  author={Boyd, Stephen and Vandenberghe, Lieven},
  year={2004},
  publisher={Cambridge university press}
}

@article{millan13,
  title={SMILES ice cloud products},
  author={Mill{\'a}n, L and Read, W and Kasai, Y and Lambert, A and Livesey, N and Mendrok, Jana and Sagawa, H and Sano, T and Shiotani, M and Wu, DL},
  journal=JGRA,
  volume={118},
  number={12},
  pages={6468--6477},
  year={2013},
  publisher={Wiley Online Library}
}

@article{eriksson14,
  title={Overview and sample applications of SMILES and Odin-SMR retrievals of upper tropospheric humidity and cloud ice mass},
  author={Eriksson, Patrick and Rydberg, Bengt and Sagawa, H and Johnston, MS and Kasai, Y},
  journal=ACP,
  volume={14},
  number={23},
  pages={12613--12629},
  year={2014},
  publisher={Copernicus GmbH}
}

@article{wu06,
  title={EOS MLS cloud ice measurements and cloudy-sky radiative transfer model},
  author={Wu, Dong L and Jiang, Jonathan H and Davis, Cory P},
  journal=I3ETGRS,
  volume={44},
  number={5},
  pages={1156--1165},
  year={2006},
  publisher={IEEE}
}

@article{wang01,
  title={Observations and retrievals of cirrus cloud parameters using multichannel millimeter-wave radiometric measurements},
  author={Wang, JR and Liu, G and Spinhirne, JD and Racette, P and Hart, WD},
  journal=JGRA,
  volume={106},
  number={D14},
  pages={15251--15263},
  year={2001},
  publisher={Wiley Online Library}
}
@article{eriksson07,
  title={First Odin sub-mm retrievals in the tropical upper troposphere: ice cloud properties},
  author={Eriksson, P. and Ekstr{\"o}m, M. and Rydberg, B. and Murtagh, Donal P.},
  journal=ACP,
  volume={7},
  number={2},
  pages={471--483},
  year={2007},
  publisher={Copernicus GmbH}
}

@Article{fox18,
AUTHOR = {Fox, S. and Mendrok, J. and Eriksson, P. and Ekelund, R. and O'Shea, S. J. and Bower, K. N. and Baran, A. J. and Harlow, R. C. and Pickering, J. C.},
TITLE = {Airborne validation of radiative transfer modelling of ice clouds at millimetre and sub-millimetre wavelengths},
JOURNAL = AMT,
VOLUME = {12},
YEAR = {2019},
NUMBER = {3},
PAGES = {1599--1617},
URL = {https://www.atmos-meas-tech.net/12/1599/2019/},
DOI = {10.5194/amt-12-1599-2019}
}

@article{evans95,
  title={Microweve radiative transfer through clouds composed of realistically shaped ice crystals. Part II. Remote sensing of ice clouds},
  author={Evans, K. F. and Stephens, G. L.},
  journal=JAS,
  volume={52},
  number={11},
  pages={2058--2072},
  year={1995}
}

@article{mlawer12,
  title={Development and recent evaluation of the MT\_CKD model of continuum absorption},
  author={Mlawer, E. J. and Payne, V. H. and Moncet, J.-L. ane Delamere, J. S. and Alvarado, M. J. and Tobin, D. C.},
  journal=PTRSA,
  volume={370},
  number={1968},
  pages={2520--2556},
  year={2012},
  publisher={The Royal Society Publishing}
}

@article{oyafuso17,
  title={High accuracy absorption coefficients for the Orbiting Carbon Observatory-2 (OCO-2) mission: Validation of updated carbon dioxide cross-sections using atmospheric spectra},
  author={Oyafuso, F. and Payne, V. H. and Drouin, B. J. and Devi, V. M. and Benner., D. C. and Sung, K. and Yu, S. and Gordon, I. E. and Kochanov, R. and Tan, Y. and others},
  journal={Journal of Quantitative Spectroscopy and Radiative Transfer},
  volume={203},
  pages={213--223},
  year={2017},
  publisher={Elsevier}
}

@book{rasmussen06,
  title={Gaussian processes for machine learning},
  author={Williams, C. Rasmussen, C. E.},
  volume={2},
  number={3},
  year={2006},
  publisher={MIT press Cambridge, MA}
}

@article{houze81,
author = {Houze Jr., Robert A.},
title = {Structures of atmospheric precipitation systems: A global survey},
journal = {Radio Science},

volume = {16},
number = {5},
pages = {671-689},
doi = {10.1029/RS016i005p00671},
url = {https://agupubs.onlinelibrary.wiley.com/doi/abs/10.1029/RS016i005p00671},
eprint = {https://agupubs.onlinelibrary.wiley.com/doi/pdf/10.1029/RS016i005p00671},
year = {1981}
}

@article{hellmann08,
author = {Hellmann, G.},
title = {The dawn of meteorology},
journal = {Quarterly Journal of the Royal Meteorological Society},
volume = {34},
number = {148},
pages = {221-232},
doi = {10.1002/qj.49703414802},
url = {https://rmets.onlinelibrary.wiley.com/doi/abs/10.1002/qj.49703414802},
eprint = {https://rmets.onlinelibrary.wiley.com/doi/pdf/10.1002/qj.49703414802},
year = {1908}
}

@ARTICLE{draper15,
author={Draper, D. W. and Newell D. A. and {Wentz}, F. J. and Krimchansky, S. and {Skofronick-Jackson}, G. M. },
journal={IEEE Journal of Selected Topics in Applied Earth Observations and Remote Sensing},
title={The Global Precipitation Measurement (GPM) Microwave Imager (GMI): Instrument Overview and Early On-Orbit Performance},
year={2015},
volume={8},
number={7},
pages={3452-3462},
keywords={atmospheric measuring apparatus;atmospheric precipitation;atmospheric techniques;remote sensing by radar;Global Precipitation Measurement;GPM Microwave Imager;GMI;early on-orbit performance;GPM mission;international satellite mission;advanced radar-radiometer system;research microwave sensors;operational microwave sensors;GPM core observatory;AD 2014 02 27;nonsun-synchronous orbit;Earth water-energy cycle;near-real-time observations;severe weather events;freshwater resource monitoring;constellation radiometer sensors;on-orbit radiometric sensitivity;on-orbit commissioning activities;Microwave radiometry;Instruments;Calibration;Extraterrestrial measurements;Microwave imaging;Accuracy;Feeds;Calibration accuracy;passive microwave remote sensing;radiometric sensitivity;Calibration accuracy;passive microwave remote sensing;radiometric sensitivity},
doi={10.1109/JSTARS.2015.2403303},
ISSN={2151-1535},
month={July},}

@book{lohmann16,
  title={An introduction to clouds: From the microscale to climate},
  author={Lohmann, Ulrike and L{\"u}{\"o}nd, Felix and Mahrt, Fabian},
  year={2016},
  publisher={Cambridge University Press}
}
@Misc{mcrf,
AUTHOR = {{Simon Pfreundschuh}},
TITLE  = {mcrf -- A microwave cloud retrieval framework},
howpublished = {\url{https://github.com/simonpf/mcrf}},
doi = {10.5281/zenodo.3467316},
year = 2019
}

@Misc{python,
AUTHOR = {{The Python Language Foundation}},
TITLE  = {The Python Language Reference},
howpublished = {\url{https://docs.python.org/3/reference/index.html}},
year = {2018}
}

@article{ipython,
author={F. {Perez} and B. E. {Granger}},
journal={Computing in Science Engineering},
title={IPython: A System for Interactive Scientific Computing},
year={2007},
volume={9},
number={3},
pages={21-29},
doi={10.1109/MCSE.2007.53},
ISSN={},
month={May},}

@article{numpy,
author={S. {van der Walt} and S. C. {Colbert} and G. {Varoquaux}},
journal={Computing in Science Engineering},
title={The NumPy Array: A Structure for Efficient Numerical Computation},
year={2011},
volume={13},
number={2},
pages={22-30},
keywords={data structures;high level languages;mathematics computing;numerical analysis;numerical computation;numpy array;numerical data;high level language;Python programming language;Arrays;Numerical analysis;Performance evaluation;Computational efficiency;Finite element methods;Vector quantization;Resource management;Python;NumPy;scientific programming;numerical computations;programming libraries},
doi={10.1109/MCSE.2011.37},
ISSN={},
month={March},}

@Article{matplotlib,
  Author    = {Hunter, J. D.},
  Title     = {Matplotlib: A 2D graphics environment},
  Journal   = CSE,
  Volume    = {9},
  Number    = {3},
  Pages     = {90--95},
  abstract  = {Matplotlib is a 2D graphics package used for Python for
  application development, interactive scripting, and publication-quality
  image generation across user interfaces and operating systems.},
  publisher = {IEEE COMPUTER SOC},
  doi       = {10.1109/MCSE.2007.55},
  year      = 2007
}

@article{eriksson18,
  title={A general database of hydrometeor single scattering properties at microwave and sub-millimetre wavelengths},
  author={Eriksson, P. and Ekelund, R. and Mendrok, J. and Brath, M. and Lemke, O. and Buehler, S. A.},
  journal={Earth System Science Data},
  volume={10},
  number={3},
  pages={1301--1326},
  year={2018},
  publisher={Copernicus GmbH}
}

@article{battaglia10,
  title={Multiple-scattering in radar systems: A review},
  author={Battaglia, A. and Tanelli, S. and Kobayashi, S. and Zrnic, D. and Hogan, R. J. and Simmer, C.},
  journal={Journal of Quantitative Spectroscopy and Radiative Transfer},
  volume={111},
  number={6},
  pages={917--947},
  year={2010},
  publisher={Elsevier}
}

@article{duncan16,
author = {Duncan, David I. and Kummerow, Christian D.},
title = {A 1DVAR retrieval applied to GMI: Algorithm description, validation, and sensitivities},
journal = JGRA,
volume = {121},
number = {12},
pages = {7415-7429},
keywords = {1DVAR, satellite retrieval, GPM},
doi = {10.1002/2016JD024808},
url = {https://agupubs.onlinelibrary.wiley.com/doi/abs/10.1002/2016JD024808},
eprint = {https://agupubs.onlinelibrary.wiley.com/doi/pdf/10.1002/2016JD024808},
year = {2016}
}

@Article{ekelund20,
AUTHOR = {Ekelund, R. and Eriksson, P. and Pfreundschuh, S.},
TITLE = {Using passive and active observations at microwave and sub-millimetre wavelengths to constrain ice particle models},
JOURNAL = {Atmospheric Measurement Techniques},
VOLUME = {13},
YEAR = {2020},
NUMBER = {2},
PAGES = {501--520},
URL = {https://www.atmos-meas-tech.net/13/501/2020/},
DOI = {10.5194/amt-13-501-2020}
}

@Article{eriksson20,
AUTHOR = {Eriksson, P. and Rydberg, B. and Mattioli, V. and Thoss, A. and Accadia, C. and Klein, U. and Buehler, S. A.},
TITLE = {Towards an operational Ice Cloud Imager (ICI) retrieval product},
JOURNAL = {Atmospheric Measurement Techniques},
VOLUME = {13},
YEAR = {2020},
NUMBER = {1},
PAGES = {53--71},
URL = {https://www.atmos-meas-tech.net/13/53/2020/},
DOI = {10.5194/amt-13-53-2020}
}

@misc{ssdb,
  author       = {Robin Ekelund and
                  Manfred Brath and
                  Jana Mendrok and
                  Patrick Eriksson},
  title        = {{ARTS Microwave Single Scattering Properties 
                   Database}},
  month        = feb,
  year         = 2018,
  note         = {{An article is currently in writing and will in the 
                   future used for citation of the database. In the
                   meantime, we prefer that any usage of the database
                   is done in collaboration with us the developers.
                   That way, we can provide assistance in its usage
                   and  receive feedback on the database.}},
  doi          = {10.5281/zenodo.1175573},
  url          = {https://doi.org/10.5281/zenodo.1175573}
}

@InCollection{rosenkranz93,
   editor    = {M. A. Janssen},
   author    = {P. W. Rosenkranz},
   title     = {Absorption of microwaves by atmospheric gases},
   booktitle = {Atmospheric remote sensing by microwave radiometry},
   pages     = {37--90},
   year      = 1993,
   address   = {New York, USA},
   publisher = {John Wiley and Sons, Inc.},
}

@InProceedings{liebe93,
   author    = {H. J. Liebe and G. A. Hufford and M. G. Cotton},
   title     = {Propagation modeling of moist air and suspended
                water/ice particles at frequencies below 1000 {GHz}},
   booktitle ={AGARD conference proceedings 542: {Atmospheric propagation
               effects through natural and man-made obscurants for visible
               to mm-wave radiation}},
   address   = {Palma de Mallorca, Spain, 17--20 May 1993},
   pages     = {3.1--3.10},
   year      = 1993,
   month     = {May}
}

@article{grecu04,
  title={The tropical rainfall measuring mission (TRMM) sensor package},
  author={Kummerow, C and Barnes, W and Kozu, T and Shiue, J and Simpson, J},
  journal=JAOT,
  volume={15},
  number={3},
  pages={809--817},
  year={1998}
}

@article{munchak11,
author = {Munchak, S J and Kummerow, C D},
title = {A Modular Optimal Estimation Method for Combined Radar–Radiometer
                  Precipitation Profiling},
journal = AOT,
volume = {50},
number = {2},
pages = {433-448},
year = {2011},
doi = {10.1175/2010JAMC2535.1},
URL = { https://doi.org/10.1175/2010JAMC2535.1 },
eprint = { https://doi.org/10.1175/2010JAMC2535.1}
}

@article{xie15,
  title={Polarization signatures and brightness temperatures caused by horizontally oriented snow particles at microwave bands: Effects of atmospheric absorption},
  author={Xie, Xinxin and Crewell, Susanne and L{\"o}hnert, Ulrich and Simmer, Clemens and Miao, Jungang},
  journal=JGRA,
  volume={120},
  number={12},
  pages={6145--6160},
  year={2015},
  publisher={Wiley Online Library}
}

@Article{brath19,
AUTHOR = {Brath, M. and Ekelund, R. and Eriksson, P. and Lemke, O. and Buehler, S. A.},
TITLE = {Microwave and submillimeter wave scattering of oriented ice particles},
JOURNAL = AMTD,
VOLUME = {2019},
YEAR = {2019},
PAGES = {1--38},
URL = {https://www.atmos-meas-tech-discuss.net/amt-2019-382/},
DOI = {10.5194/amt-2019-382}
}

@article{eriksson15,
   AUTHOR = {Eriksson, P. and Jamali, M. and Mendrok, J. and Buehler, S. A.},
   TITLE = {On the microwave optical properties of randomly oriented ice
     hydrometeors},
   JOURNAL = AMT,
   VOLUME = {8},
   YEAR = {2015},
   NUMBER = {5},
   PAGES = {1913--1933},
   DOI = {10.5194/amt-8-1913-2015},
}

@misc{delanoe10,
author = {Delano\"e, J. and Hogan, R.},
institution = {xxx},
title = {DARDAR-CLOUD},
year = {2010},
URL = {www.icare.univ-lille1.fr//projects_data/dardar/docs/varcloud-algorithm_description-v1.0.pdf},
}

@Article{mech19,
AUTHOR = {Mech, M. and Kliesch, L.-L. and Anh\"auser, A. and Rose, T. and Kollias, P. and Crewell, S.},
TITLE = {Microwave Radar/radiometer for Arctic Clouds ({MiRAC}): first insights from the ACLOUD campaign},
JOURNAL = AMT,
VOLUME = {12},
YEAR = {2019},
NUMBER = {9},
PAGES = {5019--5037},
URL = {https://www.atmos-meas-tech.net/12/5019/2019/},
DOI = {10.5194/amt-12-5019-2019}
}
